<?xml version="1.0" encoding="UTF-8"?><record xmlns="http://www.loc.gov/MARC21/slim" xmlns:cinclude="http://apache.org/cocoon/include/1.0" xmlns:zs="http://www.loc.gov/zing/srw/">
  <leader>00603cz  a2200145n  4500</leader>
  <controlfield tag="001">n 2007028227</controlfield>
  <controlfield tag="003">DLC</controlfield>
  <controlfield tag="005">20090814075404.0</controlfield>
  <controlfield tag="008">070423n| acannaabn          |a ana      </controlfield>
  <datafield tag="010" ind1=" " ind2=" ">
    <subfield code="a">n 2007028227</subfield>
  </datafield>
  <datafield tag="035" ind1=" " ind2=" ">
    <subfield code="a">(OCoLC)oca07391176</subfield>
  </datafield>
  <datafield tag="040" ind1=" " ind2=" ">
    <subfield code="a">DLC</subfield>
    <subfield code="b">eng</subfield>
    <subfield code="c">DLC</subfield>
    <subfield code="d">OCoLC</subfield>
  </datafield>
  <datafield tag="110" ind1="2" ind2=" ">
    <subfield code="a">Universidad Nacional de Cuyo.</subfield>
    <subfield code="b">Cátedra de Política Educativa</subfield>
  </datafield>
  <datafield tag="410" ind1="2" ind2=" ">
    <subfield code="a">Universidad Nacional de Cuyo.</subfield>
    <subfield code="b">Facultad de Filosofía y Letras.</subfield>
    <subfield code="b">Cátedra de Política Educativa</subfield>
  </datafield>
  <datafield tag="670" ind1=" " ind2=" ">
    <subfield code="a">Transformación educativa, 2004:</subfield>
    <subfield code="b">t.p. (Cátedra de Política Educativa; Universidad Nacional de Cuyo, Facultad de Filosofía y Letras)</subfield>
  </datafield>
</record>